@misc{verri2024datascienceproject,
  author       = {Verri, Filipe Alves Neto},
  title        = {Data Science Project: An Inductive Learning Approach},
  year         = 2024,
  publisher    = {Leanpub},
  version      = {v0.1.0},
  doi          = {10.5281/zenodo.14498011},
  url          = {https://leanpub.com/dsp}
}
